[gd_scene load_steps=5 format=2]

[ext_resource path="res://ContextualSystem/LinkView/LinkView.tscn" type="PackedScene" id=1]
[ext_resource path="res://ContextualSystem/CreateHypothesis.gd" type="Script" id=2]
[ext_resource path="res://Assets/Theme.tres" type="Theme" id=3]
[ext_resource path="res://ContextualSystem/DataView/FilteredDataView.tscn" type="PackedScene" id=4]

[node name="CreateHypothesis" type="WindowDialog"]
anchor_right = 1.0
anchor_bottom = 1.0
margin_left = 94.0
margin_top = 93.0
margin_right = -93.0
margin_bottom = -93.0
theme = ExtResource( 3 )
script = ExtResource( 2 )
__meta__ = {
"_edit_use_anchors_": false
}

[node name="Label" type="Label" parent="."]
anchor_right = 1.0
margin_bottom = 38.0
text = "New Hypothesis"
align = 1
__meta__ = {
"_edit_use_anchors_": false
}

[node name="Button" type="Button" parent="."]
anchor_left = 0.5
anchor_top = 1.0
anchor_right = 0.5
anchor_bottom = 1.0
margin_left = -238.5
margin_top = -56.0
margin_right = -23.5
margin_bottom = -18.0
disabled = true
text = "Create"
__meta__ = {
"_edit_use_anchors_": false
}

[node name="Button2" type="Button" parent="."]
anchor_left = 0.5
anchor_top = 1.0
anchor_right = 0.5
anchor_bottom = 1.0
margin_left = 22.5
margin_top = -56.0
margin_right = 237.5
margin_bottom = -18.0
text = "Cancel"
__meta__ = {
"_edit_use_anchors_": false
}

[node name="HBoxContainer" type="HBoxContainer" parent="."]
anchor_right = 1.0
anchor_bottom = 1.0
margin_left = 24.0
margin_top = 54.0
margin_right = -24.0
margin_bottom = -75.0
__meta__ = {
"_edit_use_anchors_": false
}

[node name="Label" type="Label" parent="HBoxContainer"]
margin_top = 123.0
margin_right = 232.0
margin_bottom = 161.0
text = "The victim's canary"

[node name="LinkView" parent="HBoxContainer" instance=ExtResource( 1 )]
margin_right = 510.0

[node name="FilteredDataView" parent="HBoxContainer" instance=ExtResource( 4 )]
margin_left = 514.0
margin_top = 0.0
margin_right = 789.0
margin_bottom = 285.0

[node name="Panel" parent="HBoxContainer/FilteredDataView" index="0"]
margin_right = 275.0
margin_bottom = 285.0

[node name="Characters" parent="HBoxContainer/FilteredDataView/Panel/VBoxContainer" index="0"]
visible = false
margin_right = 247.0
margin_bottom = 79.0

[node name="Label" parent="HBoxContainer/FilteredDataView/Panel/VBoxContainer/Characters" index="0"]
margin_right = 247.0

[node name="GridContainer" parent="HBoxContainer/FilteredDataView/Panel/VBoxContainer/Characters" index="1"]
margin_right = 247.0
margin_bottom = 79.0

[node name="Clues" parent="HBoxContainer/FilteredDataView/Panel/VBoxContainer" index="1"]
visible = false
margin_top = 0.0
margin_right = 247.0
margin_bottom = 120.0

[node name="Label" parent="HBoxContainer/FilteredDataView/Panel/VBoxContainer/Clues" index="0"]
margin_right = 247.0

[node name="GridContainer" parent="HBoxContainer/FilteredDataView/Panel/VBoxContainer/Clues" index="1"]
margin_right = 247.0
margin_bottom = 120.0

[node name="Places" parent="HBoxContainer/FilteredDataView/Panel/VBoxContainer" index="2"]
visible = false
margin_top = 0.0
margin_right = 247.0
margin_bottom = 245.0

[node name="Label" parent="HBoxContainer/FilteredDataView/Panel/VBoxContainer/Places" index="0"]
margin_right = 247.0

[node name="GridContainer" parent="HBoxContainer/FilteredDataView/Panel/VBoxContainer/Places" index="1"]
margin_right = 247.0
margin_bottom = 245.0

[connection signal="about_to_show" from="." to="." method="_on_popup_about_to_show"]
[connection signal="pressed" from="Button" to="." method="_on_create_pressed"]
[connection signal="pressed" from="Button2" to="." method="_on_cancel_pressed"]
[connection signal="link_selected" from="HBoxContainer/LinkView" to="." method="_on_link_selected"]

[editable path="HBoxContainer/FilteredDataView"]
